<?xml version="1.0" encoding="UTF-8"?><record xmlns="http://www.loc.gov/MARC21/slim" xmlns:cinclude="http://apache.org/cocoon/include/1.0" xmlns:zs="http://www.loc.gov/zing/srw/">
  <leader>00584nz  a2200145n  4500</leader>
  <controlfield tag="001">nr 92033110 </controlfield>
  <controlfield tag="003">DLC</controlfield>
  <controlfield tag="005">19920923053940.0</controlfield>
  <controlfield tag="008">920921n| acannaab|          |a ana     c</controlfield>
  <datafield tag="010" ind1=" " ind2=" ">
    <subfield code="a">nr 92033110 </subfield>
  </datafield>
  <datafield tag="040" ind1=" " ind2=" ">
    <subfield code="a">NjP</subfield>
    <subfield code="c">NjP</subfield>
  </datafield>
  <datafield tag="110" ind1="2" ind2="0">
    <subfield code="a">Instituto Português de Arquivos</subfield>
  </datafield>
  <datafield tag="410" ind1="2" ind2="0">
    <subfield code="a">IPA</subfield>
  </datafield>
  <datafield tag="410" ind1="2" ind2="0">
    <subfield code="a">Portuguese Office of Public Records</subfield>
  </datafield>
  <datafield tag="670" ind1=" " ind2=" ">
    <subfield code="a">Guia de fontes portuguesas para a história de Africa, 1991-:</subfield>
    <subfield code="b">v. 1, t.p. (Instituto Português de Arquivos) p. 11 (agency responsible for management of archives in Portugal and for archival policy; IPA; Portuguese Office of Public Records)</subfield>
  </datafield>
</record>